
% BibTeX Entries
 @misc{osm,
  author = {OpenStreetMap},
  title = {{OpenStreetMap Wiki}},
  howpublished = "\url{http://wiki.openstreetmap.org/}",
  year = {2014}, 
  note = "[Online; accessed 30-January-2015]"
}

@misc{gmap,
  author = {Google},
  title = {{Google Maps JavaScript API v3}},
  howpublished = "\url{https://developers.google.com/maps/documentation/javascript/}",
  year = {2015}, 
  note = "[Online; accessed 31-January-2015]"
}

@article{haversine,
    author    = "Nitin R.Chopde and Mangesh K. Nichat",
    title     = "Landmark Based Shortest Path Detection by Using A* and Haversine Formula",
    journal   = "International Journal of Innovative Research in Computer and Communication Engineering",
    year      = "2013",
    volume	  = "1",
}

 @book{Kaufman:2005,
 author               = {Leonard Kaufman and Peter J. Rousseeuw},
 isbn                 = {978-0471735786},
 publisher            = {Wiley-Interscience},
 title                = {Finding Groups in Data: An Introduction to Cluster Analysis},
 year                 = {2005},
 }
 
 @book{Edmond:2006,
 author               = {Edmond Woychowsky},
 isbn                 = {978-0-13-227267-4},
 publisher            = {Prentice Hall},
 title                = {Ajax: Creating Web Pages with Asynchronous JavaScript and XML},
 year                 = {2006},
 }
 
 @book{Benoit:2000,
 author               = {Benoit Marchal},
 isbn                 = {0-7897-2242-9},
 publisher            = {John Pierce},
 title                = {XML by Example},
 year                 = {2000},
 }
 
 @book{Flanagan:2011,
 author               = {David Flanagan},
 isbn                 = {978-0-596-80552-4},
 publisher            = {O'Reilly Media, Inc},
 title                = {JavaScript: The Definitive Guide, Sixth Edition},
 year                 = {2011},
 }
 
 @book{Cormen:2001,
 author               = {Thomas H. Cormen and Charles E. Leiserson and Ronald L. Rivest and Clifford Stein},
 isbn                 = {0-262-03293-7},
 publisher            = {MIT Press and McGrawHill},
 title                = {Introduction to Algorithms, Second Edition},
 year                 = {2001},
 }